<?xml version = "1.0" encoding = "UTF-8"?><record>
  <leader>00889ncm#a2200289#c#4500</leader>
  <controlfield tag="005">20210407144128.0</controlfield>
  <controlfield tag="007">qu</controlfield>
  <controlfield tag="008">920828|1989####gw#uu|##################c</controlfield>
  <controlfield tag="003">DE-605</controlfield>
  <controlfield tag="001">990016782920206441</controlfield>
  <datafield tag="016" ind1="7" ind2=" ">
    <subfield code="a">1068203015</subfield>
    <subfield code="2">OCoLC</subfield>
  </datafield>
  <datafield tag="024" ind1="2" ind2=" ">
    <subfield code="a">M204421206</subfield>
  </datafield>
  <datafield tag="028" ind1="5" ind2="2">
    <subfield code="a">N 2120</subfield>
  </datafield>
  <datafield tag="035" ind1=" " ind2=" ">
    <subfield code="a">(DE-605)HT004285445</subfield>
  </datafield>
  <datafield tag="040" ind1=" " ind2=" ">
    <subfield code="a">HBZ/OZK</subfield>
    <subfield code="b">ger</subfield>
    <subfield code="d">1156</subfield>
    <subfield code="e">rakwb</subfield>
  </datafield>
  <datafield tag="044" ind1=" " ind2=" ">
    <subfield code="c">XA-DE</subfield>
  </datafield>
  <datafield tag="100" ind1="1" ind2=" ">
    <subfield code="a">Molsen, Uli</subfield>
    <subfield code="d">1947-</subfield>
    <subfield code="0">(DE-588)134465202</subfield>
    <subfield code="4">cmp</subfield>
    <subfield code="0">(uri) https://portal.dnb.de/opac.htm?method=simpleSearch&amp;cqlMode=true&amp;query=idn=134465202</subfield>
    <subfield code="0">(uri) http://viaf.org/viaf/sourceID/DNB|134465202</subfield>
    <subfield code="B">GND-134465202</subfield>
  </datafield>
  <datafield tag="245" ind1="1" ind2="0">
    <subfield code="a">Erleben - Verstehen - Lernen</subfield>
    <subfield code="h">Musikdruck</subfield>
    <subfield code="b">Klavierschule f&#252;r Erwachsene</subfield>
    <subfield code="c">Uli Molsen</subfield>
  </datafield>
  <datafield tag="264" ind1=" " ind2="1">
    <subfield code="a">Wilhelmshaven</subfield>
    <subfield code="b">Heinrichshofen</subfield>
    <subfield code="c">c 1989</subfield>
  </datafield>
  <datafield tag="300" ind1=" " ind2=" ">
    <subfield code="a">80 S. + lose Beil.</subfield>
  </datafield>
  <datafield tag="688" ind1=" " ind2="7">
    <subfield code="2">SW-Musik</subfield>
    <subfield code="a">Klavier / Lehrmittel</subfield>
  </datafield>
  <datafield tag="770" ind1="0" ind2="8">
    <subfield code="i">Beil.</subfield>
    <subfield code="t">T&#228;gliche Einspiel-&#220;bungen</subfield>
  </datafield>
  <datafield tag="964" ind1="0" ind2="s">
    <subfield code="F">030</subfield>
    <subfield code="A">a|1uc||||||17</subfield>
  </datafield>
  <datafield tag="964" ind1="0" ind2="s">
    <subfield code="F">050</subfield>
    <subfield code="A">a|||||||||||||</subfield>
  </datafield>
  <datafield tag="964" ind1="0" ind2="s">
    <subfield code="F">051</subfield>
    <subfield code="A">mm||||||</subfield>
  </datafield>
  <datafield tag="035" ind1=" " ind2=" ">
    <subfield code="a">(OCoLC)1068203015</subfield>
    <subfield code="0">(uri) http://www.worldcat.org/oclc/1068203015</subfield>
  </datafield>
  <datafield tag="035" ind1=" " ind2=" ">
    <subfield code="a">(DE-599)HBZHT004285445</subfield>
  </datafield>
  <datafield tag="MBD" ind1=" " ind2=" ">
    <subfield code="M">49HBZ_NETWORK</subfield>
    <subfield code="i">990016782920206441</subfield>
    <subfield code="n">HBZ Network</subfield>
  </datafield>
  <datafield tag="MNG" ind1=" " ind2=" ">
    <subfield code="c">System</subfield>
    <subfield code="f">ILS</subfield>
    <subfield code="i">marc21</subfield>
    <subfield code="k">01</subfield>
    <subfield code="e">false</subfield>
    <subfield code="d">2021-04-07 14:41:28 Europe/Berlin</subfield>
    <subfield code="g">001678292-HBZ01</subfield>
    <subfield code="j">60</subfield>
    <subfield code="a">import</subfield>
    <subfield code="b">2021-04-05 14:31:40 Europe/Berlin</subfield>
  </datafield>
  <datafield tag="GPN" ind1="1" ind2=" ">
    <subfield code="a">Molsen, Gert-Ulrich</subfield>
    <subfield code="d">1947-</subfield>
    <subfield code="A">GND</subfield>
    <subfield code="B">GND-134465202</subfield>
    <subfield code="C">400</subfield>
  </datafield>
  <datafield tag="GSI" ind1="7" ind2=" ">
    <subfield code="a">134465202</subfield>
    <subfield code="0">http://d-nb.info/gnd/134465202</subfield>
    <subfield code="2">gnd</subfield>
    <subfield code="A">GND</subfield>
    <subfield code="B">GND-134465202</subfield>
    <subfield code="C">024</subfield>
  </datafield>
</record>